<?xml version="1.0" encoding="UTF-8"?><collection xmlns="http://www.loc.gov/MARC21/slim"><record><leader>00544nam--2200205-i-4500</leader><controlfield tag="001">000046917</controlfield><controlfield tag="002">20161230</controlfield><controlfield tag="003">702</controlfield><controlfield tag="005">20161230201046</controlfield><controlfield tag="008">060222s1000------------r-----000-0-eng-d</controlfield><datafield ind1=" " ind2=" " tag="040"><subfield code="a">IFIN-HH</subfield></datafield><datafield ind1=" " ind2=" " tag="041"><subfield code="a">eng</subfield></datafield><datafield ind1=" " ind2=" " tag="080"><subfield code="a">517.9:621.3</subfield></datafield><datafield ind1=" " ind2=" " tag="100"><subfield code="a">Waren, A.G</subfield></datafield><datafield ind1="1" ind2="0" tag="245"><subfield code="a">Mathematics applied to electrical engineering</subfield><subfield code="c">A.G.Warren</subfield></datafield><datafield ind1=" " ind2=" " tag="260"><subfield code="a">London</subfield><subfield code="b">Chapman &amp; Hall Ltd</subfield><subfield code="c">1949</subfield></datafield><datafield ind1=" " ind2=" " tag="300"><subfield code="a">384 p</subfield></datafield><datafield ind1=" " ind2=" " tag="490"><subfield code="a">A series of monographs on electrical engineering</subfield><subfield code="v">Vol.IX</subfield></datafield><datafield ind1=" " ind2=" " tag="852"><subfield code="a">702</subfield><subfield code="c">51</subfield></datafield><datafield ind1=" " ind2=" " tag="CAT"><subfield code="a">Sys</subfield><subfield code="c">20060602</subfield><subfield code="h">105239</subfield></datafield></record></collection>